@article{AIF_2001__51_3_565_0,
     author = {Broise-Alamichel, Anne and Guivarc'h, Yves},
     title = {Exposants caract\'eristiques de l'algorithme de Jacobi-Perron et de la transformation associ\'ee},
     journal = {Annales de l'Institut Fourier},
     publisher = {Association des Annales de l'institut Fourier},
     volume = {51},
     number = {3},
     year = {2001},
     pages = {565-686},
     doi = {10.5802/aif.1832},
     zbl = {1012.11060},
     language = {fr},
     url = {https://aif.centre-mersenne.org/item/AIF_2001__51_3_565_0}
}
